@misc{CeCILL,
    title = {{CeCILL 2.1 license}},
    howpublished = {https://cecill.info/index.en.html},
    year = 2013
}
@misc{f2c,
    title = {{f2c - FORTRAN to C convertor}},
    url = {https://www.netlib.org/f2c/},
    howpublished = {https://www.netlib.org/f2c/}
}
@misc{linpack,
    title = {{LINPACK - LINear algebra package}},
    howpublished = {https://www.netlib.org/linpack/}
}
@article{Pons_1996,
    author = {Jean-Luc Pons and Therese E. Malliavin and Marc-Andre Delsuc},
    doi = {10.1007/bf00228146},
    journal = {Journal of Biomolecular {NMR}},
    number = {4},
    publisher = {Springer Science and Business Media {LLC}},
    title = {Gifa V. 4: A complete package for {NMR} data set processing},
    url = {https://doi.org/10.1007%2Fbf00228146},
    volume = {8},
    year = 1996
}
@article{Margueritte_2018,
    author = {Laure Margueritte and Petar Markov and Lionel Chiron and Jean-Philippe Starck and Catherine Vonthron-S{\'e}n{\'e}cheau and M{\'e}lanie Bourjot and Marc-Andr{\'e} Delsuc},
    doi = {10.1002/mrc.4683},
    journal = {Magnetic Resonance in Chemistry},
    number = {6},
    pages = {469--479},
    publisher = {Wiley},
    title = {Automatic differential analysis of {NMR} experiments in complex samples},
    url = {https://doi.org/10.1002%2Fmrc.4683},
    volume = {56},
    year = 2018
}
@book{press96,
    author = {W.H. Press and S.A. Teukolsky and W.T. Vetterling and B.P. Flannery},
    publisher = {Cambridge University Press},
    title = {Numerical recipes in Fortran 77},
    year = {1996}
}
@article{Spike2016,
    author = {Lionel Chiron and Marie-Aude Coutouly and Jean-Philippe Starck and Christian Rolando and Marc-Andr{\'e} Delsuc},
    eprint = {1608.06777},
    eprintclass = {physics.chem-ph},
    eprinttype = {arxiv},
    journal = {arXiv},
    pages = {1608.06777},
    title = {{SPIKE} a Processing Software dedicated to Fourier Spectroscopies},
    year = {2016}
}
@article{Tramesel_2007,
    author = {Dominique Tramesel and Vincent Catherinot and Marc-Andr{\'e} Delsuc},
    doi = {10.1016/j.jmr.2007.05.023},
    journal = {Journal of Magnetic Resonance},
    number = {1},
    pages = {56--67},
    publisher = {Elsevier {BV}},
    title = {Modeling of {NMR} processing, toward efficient unattended processing of {NMR} experiments},
    url = {https://doi.org/10.1016%2Fj.jmr.2007.05.023},
    volume = {188},
    year = 2007
}
